<?xml version="1.0" encoding="UTF-8"?>
<SOAP-ENV:Envelope xmlns:SOAP-ENV="http://schemas.xmlsoap.org/soap/envelope/" xmlns:ns1="http://oss.dbc.dk/ns/openformat" xmlns:os="http://oss.dbc.dk/ns/opensearch" xmlns:dc="http://purl.org/dc/elements/1.1/" xmlns:dkabm="http://biblstandard.dk/abm/namespace/dkabm/" xmlns:ISO639-2="http://lcweb.loc.gov/standards/iso639-2/" xmlns:dcmitype="http://purl.org/dc/dcmitype/" xmlns:dcterms="http://purl.org/dc/terms/" xmlns:ac="http://biblstandard.dk/ac/namespace/" xmlns:dkdcplus="http://biblstandard.dk/abm/namespace/dkdcplus/" xmlns:oss="http://oss.dbc.dk/ns/osstypes" xmlns:marcx="info:lc/xmlns/marcxchange-v1" xmlns:xsi="http://www.w3.org/2001/XMLSchema-instance">
  <SOAP-ENV:Body>
    <ns1:formatRequest>
      <ns1:originalData>
        <os:collection>
          <os:resultPosition>1</os:resultPosition>
          <os:numberOfObjects>1</os:numberOfObjects>
            <os:object>
              <dkabm:record>
                <ac:identifier>34485968|870971</ac:identifier>
                <ac:source>Tidsskriftsartikler</ac:source>
                <dc:title>Klinisk sygeplejespecialist - arbejdsopgaver og kompetencer</dc:title>
                <dc:title xsi:type="dkdcplus:full">Klinisk sygeplejespecialist - arbejdsopgaver og kompetencer</dc:title>
                <dc:creator>Annesofie Lunde Jensen</dc:creator>
                <dc:creator xsi:type="oss:sort">Lunde Jensen, Annesofie</dc:creator>
                <dc:creator>Astrid Lindman</dc:creator>
                <dc:creator xsi:type="oss:sort">Lindman, Astrid</dc:creator>
                <dc:creator>Birgitte T. Espersen</dc:creator>
                <dc:creator xsi:type="oss:sort">Espersen, Birgitte T.</dc:creator>
                <dc:subject xsi:type="dkdcplus:DK5">61.7</dc:subject>
                <dc:subject xsi:type="dkdcplus:DK5-Text">Sygepleje</dc:subject>
                <dc:subject xsi:type="dkdcplus:DBCF">evidensbaseret sygepleje</dc:subject>
                <dc:subject xsi:type="dkdcplus:DBCF">hospitaler</dc:subject>
                <dc:subject xsi:type="dkdcplus:DBCF">klinisk sygepleje</dc:subject>
                <dc:subject xsi:type="dkdcplus:DBCF">sygepleje</dc:subject>
                <dc:subject xsi:type="dkdcplus:DBCF">sygeplejersker</dc:subject>
                <dc:subject xsi:type="dkdcplus:DBCF">Århus Sygehus</dc:subject>
                <dcterms:abstract>Eksempler på kliniske sygeplejespecialisters arbejde på Århus Sygehus viser nødvendigheden af akademiske kompetencer i den kliniske sygepleje</dcterms:abstract>
                <dcterms:audience>voksenmaterialer</dcterms:audience>
                <dc:date>2010</dc:date>
                <dc:type xsi:type="dkdcplus:BibDK-Type">Tidsskriftsartikel</dc:type>
                <dc:format>illustreret</dc:format>
                <dcterms:extent>S. 62-66</dcterms:extent>
                <dcterms:isPartOf>Sygeplejersken, Årg. 110, nr. 21 (2010)</dcterms:isPartOf>
                <dcterms:isPartOf xsi:type="dkdcplus:ISSN">0106-8350</dcterms:isPartOf>
              </dkabm:record>
              <marcx:collection>
                <marcx:record format="danMARC2" type="Bibliographic">
                  <marcx:leader>00000n    2200000   4500</marcx:leader>
                  <marcx:datafield ind1="0" ind2="0" tag="001">
                    <marcx:subfield code="a">34485968</marcx:subfield>
                    <marcx:subfield code="b">870971</marcx:subfield>
                    <marcx:subfield code="c">20110208111016</marcx:subfield>
                    <marcx:subfield code="d">20110208</marcx:subfield>
                    <marcx:subfield code="f">a</marcx:subfield>
                  </marcx:datafield>
                  <marcx:datafield ind1="0" ind2="0" tag="004">
                    <marcx:subfield code="r">n</marcx:subfield>
                    <marcx:subfield code="a">i</marcx:subfield>
                  </marcx:datafield>
                  <marcx:datafield ind1="0" ind2="0" tag="008">
                    <marcx:subfield code="t">a</marcx:subfield>
                    <marcx:subfield code="u">f</marcx:subfield>
                    <marcx:subfield code="a">2010</marcx:subfield>
                    <marcx:subfield code="b">dk</marcx:subfield>
                    <marcx:subfield code="d">y</marcx:subfield>
                    <marcx:subfield code="l">dan</marcx:subfield>
                    <marcx:subfield code="v">0</marcx:subfield>
                    <marcx:subfield code="r">ap</marcx:subfield>
                  </marcx:datafield>
                  <marcx:datafield ind1="0" ind2="0" tag="009">
                    <marcx:subfield code="a">a</marcx:subfield>
                    <marcx:subfield code="g">xx</marcx:subfield>
                  </marcx:datafield>
                  <marcx:datafield ind1="0" ind2="0" tag="016">
                    <marcx:subfield code="a">03204324</marcx:subfield>
                  </marcx:datafield>
                  <marcx:datafield ind1="0" ind2="0" tag="032">
                    <marcx:subfield code="a">ABU201107</marcx:subfield>
                    <marcx:subfield code="a">DAR201107</marcx:subfield>
                  </marcx:datafield>
                  <marcx:datafield ind1="0" ind2="0" tag="041">
                    <marcx:subfield code="d">eng</marcx:subfield>
                  </marcx:datafield>
                  <marcx:datafield ind1="0" ind2="0" tag="086">
                    <marcx:subfield code="a">Sygepleje og hospitalsvæsen</marcx:subfield>
                  </marcx:datafield>
                  <marcx:datafield ind1="0" ind2="0" tag="245">
                    <marcx:subfield code="a">Klinisk sygeplejespecialist - arbejdsopgaver og kompetencer</marcx:subfield>
                  </marcx:datafield>
                  <marcx:datafield ind1="0" ind2="0" tag="300">
                    <marcx:subfield code="a">S. 62-66</marcx:subfield>
                    <marcx:subfield code="b">ill.</marcx:subfield>
                  </marcx:datafield>
                  <marcx:datafield ind1="0" ind2="0" tag="504">
                    <marcx:subfield code="a">Eksempler på kliniske sygeplejespecialisters arbejde på Århus Sygehus viser nødvendigheden af akademiske kompetencer i den kliniske sygepleje</marcx:subfield>
                  </marcx:datafield>
                  <marcx:datafield ind1="0" ind2="0" tag="508">
                    <marcx:subfield code="a">Med engelsk resumé</marcx:subfield>
                  </marcx:datafield>
                  <marcx:datafield ind1="0" ind2="0" tag="532">
                    <marcx:subfield code="a">Med litteraturhenvisninger</marcx:subfield>
                  </marcx:datafield>
                  <marcx:datafield ind1="0" ind2="0" tag="557">
                    <marcx:subfield code="a">Sygeplejersken</marcx:subfield>
                    <marcx:subfield code="j">2010</marcx:subfield>
                    <marcx:subfield code="z">0106-8350</marcx:subfield>
                    <marcx:subfield code="V">Årg. 0110, nr. 0021 (2010)</marcx:subfield>
                    <marcx:subfield code="v">Årg. 110, nr. 21 (2010)</marcx:subfield>
                  </marcx:datafield>
                  <marcx:datafield ind1="0" ind2="0" tag="610">
                    <marcx:subfield code="a">Århus Sygehus</marcx:subfield>
                    <marcx:subfield code="1"/>
                  </marcx:datafield>
                  <marcx:datafield ind1="0" ind2="0" tag="652">
                    <marcx:subfield code="m">61.7</marcx:subfield>
                  </marcx:datafield>
                  <marcx:datafield ind1="0" ind2="0" tag="666">
                    <marcx:subfield code="0"/>
                    <marcx:subfield code="f">sygepleje</marcx:subfield>
                  </marcx:datafield>
                  <marcx:datafield ind1="0" ind2="0" tag="666">
                    <marcx:subfield code="0"/>
                    <marcx:subfield code="f">sygeplejersker</marcx:subfield>
                  </marcx:datafield>
                  <marcx:datafield ind1="0" ind2="0" tag="666">
                    <marcx:subfield code="0"/>
                    <marcx:subfield code="f">klinisk sygepleje</marcx:subfield>
                  </marcx:datafield>
                  <marcx:datafield ind1="0" ind2="0" tag="666">
                    <marcx:subfield code="0"/>
                    <marcx:subfield code="f">hospitaler</marcx:subfield>
                  </marcx:datafield>
                  <marcx:datafield ind1="0" ind2="0" tag="666">
                    <marcx:subfield code="0"/>
                    <marcx:subfield code="f">evidensbaseret sygepleje</marcx:subfield>
                  </marcx:datafield>
                  <marcx:datafield ind1="0" ind2="0" tag="700">
                    <marcx:subfield code="å">1</marcx:subfield>
                    <marcx:subfield code="a">Lunde Jensen</marcx:subfield>
                    <marcx:subfield code="h">Annesofie</marcx:subfield>
                  </marcx:datafield>
                  <marcx:datafield ind1="0" ind2="0" tag="700">
                    <marcx:subfield code="a">Lindman</marcx:subfield>
                    <marcx:subfield code="h">Astrid</marcx:subfield>
                  </marcx:datafield>
                  <marcx:datafield ind1="0" ind2="0" tag="700">
                    <marcx:subfield code="a">Espersen</marcx:subfield>
                    <marcx:subfield code="h">Birgitte T.</marcx:subfield>
                  </marcx:datafield>
                  <marcx:datafield ind1="0" ind2="0" tag="900">
                    <marcx:subfield code="a">Jensen</marcx:subfield>
                    <marcx:subfield code="h">Annesofie Lunde</marcx:subfield>
                    <marcx:subfield code="z">700/1</marcx:subfield>
                  </marcx:datafield>
                  <marcx:datafield ind1="0" ind2="0" tag="996">
                    <marcx:subfield code="a">IDX</marcx:subfield>
                  </marcx:datafield>
                </marcx:record>
              </marcx:collection>
              <os:identifier>870971-tsart:34485968</os:identifier>
              <os:creationDate>2011-02-08</os:creationDate>
              <os:holdingsCount>0</os:holdingsCount>
              <os:lendingLibraries>0</os:lendingLibraries>
              <os:relations>
                <os:relation>
                  <os:relationType>dbcbib:isPartOfManifestation</os:relationType>
                  <os:relationUri>870970-basis:03204324</os:relationUri>
                  <os:relationObject>
                    <os:object>
                      <dkabm:record>
                        <ac:identifier>03204324|870970</ac:identifier>
                        <dc:identifier xsi:type="dkdcplus:ISSN">0106-8350</dc:identifier>
                        <ac:source>Bibliotekskatalog</ac:source>
                        <dc:title>Sygeplejersken</dc:title>
                        <dc:title xsi:type="dkdcplus:full">Sygeplejersken : tidsskrift for sygeplejersker</dc:title>
                        <dc:subject xsi:type="dkdcplus:DK5">61.7</dc:subject>
                        <dc:subject xsi:type="dkdcplus:DK5-Text">Sygepleje</dc:subject>
                        <dc:description>Undertitlen varierer</dc:description>
                        <dc:description xsi:type="dkdcplus:series">Fortsættelse af: Tidsskrift for Sygeplejersker</dc:description>
                        <dcterms:audience>voksenmaterialer</dcterms:audience>
                        <dc:publisher>Dansk Sygeplejeråd</dc:publisher>
                        <dc:contributor>Dansk Sygeplejeråd</dc:contributor>
                        <dc:date>1972</dc:date>
                        <dc:type xsi:type="dkdcplus:BibDK-Type">Tidsskrift</dc:type>
                        <dc:format>Ill. (nogle i farver)</dc:format>
                        <dc:language xsi:type="dcterms:ISO639-2">dan</dc:language>
                        <dc:language>Dansk</dc:language>
                      </dkabm:record>