
                      <marcx:collection>
                        <marcx:record format="danMARC2" type="Bibliographic">
                          <marcx:leader>00000n    2200000   4500</marcx:leader>
                          <marcx:datafield ind1="0" ind2="0" tag="001">
                            <marcx:subfield code="a">03204324</marcx:subfield>
                            <marcx:subfield code="b">870970</marcx:subfield>
                            <marcx:subfield code="c">20011122171323</marcx:subfield>
                            <marcx:subfield code="d">19830110</marcx:subfield>
                            <marcx:subfield code="f">a</marcx:subfield>
                          </marcx:datafield>
                          <marcx:datafield ind1="0" ind2="0" tag="004">
                            <marcx:subfield code="r">c</marcx:subfield>
                            <marcx:subfield code="a">e</marcx:subfield>
                          </marcx:datafield>
                          <marcx:datafield ind1="0" ind2="0" tag="008">
                            <marcx:subfield code="t">p</marcx:subfield>
                            <marcx:subfield code="u">c</marcx:subfield>
                            <marcx:subfield code="a">1972</marcx:subfield>
                            <marcx:subfield code="b">dk</marcx:subfield>
                            <marcx:subfield code="c">w</marcx:subfield>
                            <marcx:subfield code="h">p</marcx:subfield>
                            <marcx:subfield code="i">b</marcx:subfield>
                            <marcx:subfield code="l">dan</marcx:subfield>
                            <marcx:subfield code="v">0</marcx:subfield>
                          </marcx:datafield>
                          <marcx:datafield ind1="0" ind2="0" tag="009">
                            <marcx:subfield code="a">a</marcx:subfield>
                            <marcx:subfield code="g">xx</marcx:subfield>
                          </marcx:datafield>
                          <marcx:datafield ind1="0" ind2="0" tag="022">
                            <marcx:subfield code="a">0106-8350</marcx:subfield>
                            <marcx:subfield code="c">hf.</marcx:subfield>
                            <marcx:subfield code="d">kr. 1131,25 årligt</marcx:subfield>
                            <marcx:subfield code="d">kr. 24,05 pr. nr.</marcx:subfield>
                            <marcx:subfield code="d">gratis for medlemmer</marcx:subfield>
                          </marcx:datafield>
                          <marcx:datafield ind1="0" ind2="0" tag="032">
                            <marcx:subfield code="a">DPF197680</marcx:subfield>
                            <marcx:subfield code="x">DAT190244</marcx:subfield>
                            <marcx:subfield code="x">DAT200116</marcx:subfield>
                            <marcx:subfield code="x">DAT200149</marcx:subfield>
                          </marcx:datafield>
                          <marcx:datafield ind1="0" ind2="0" tag="082">
                            <marcx:subfield code="a">610.73</marcx:subfield>
                            <marcx:subfield code="c">21</marcx:subfield>
                          </marcx:datafield>
                          <marcx:datafield ind1="0" ind2="0" tag="210">
                            <marcx:subfield code="a">Sygeplejersken</marcx:subfield>
                            <marcx:subfield code="b">Kbh., Papirform</marcx:subfield>
                          </marcx:datafield>
                          <marcx:datafield ind1="0" ind2="0" tag="222">
                            <marcx:subfield code="a">Sygeplejersken</marcx:subfield>
                            <marcx:subfield code="b">Papirform</marcx:subfield>
                          </marcx:datafield>
                          <marcx:datafield ind1="0" ind2="0" tag="245">
                            <marcx:subfield code="a">Sygeplejersken</marcx:subfield>
                            <marcx:subfield code="c">tidsskrift for sygeplejersker</marcx:subfield>
                          </marcx:datafield>
                          <marcx:datafield ind1="0" ind2="0" tag="255">
                            <marcx:subfield code="a">[?]-</marcx:subfield>
                          </marcx:datafield>
                          <marcx:datafield ind1="0" ind2="0" tag="260">
                            <marcx:subfield code="a">Kbh.</marcx:subfield>
                            <marcx:subfield code="b">Dansk Sygeplejeråd</marcx:subfield>
                            <marcx:subfield code="c">[1972]-</marcx:subfield>
                          </marcx:datafield>
                          <marcx:datafield ind1="0" ind2="0" tag="300">
                            <marcx:subfield code="b">Ill. (nogle i farver)</marcx:subfield>
                            <marcx:subfield code="c">30 cm</marcx:subfield>
                          </marcx:datafield>
                          <marcx:datafield ind1="0" ind2="0" tag="500">
                            <marcx:subfield code="a">Ugentlig</marcx:subfield>
                          </marcx:datafield>
                          <marcx:datafield ind1="0" ind2="0" tag="512">
                            <marcx:subfield code="a">Undertitlen varierer</marcx:subfield>
                          </marcx:datafield>
                          <marcx:datafield ind1="0" ind2="0" tag="526">
                            <marcx:subfield code="a">Supplement: Klaringsrapport, juni 1999</marcx:subfield>
                          </marcx:datafield>
                          <marcx:datafield ind1="0" ind2="0" tag="526">
                            <marcx:subfield code="i">Fortsættelse af</marcx:subfield>
                            <marcx:subfield code="t">Tidsskrift for Sygeplejersker</marcx:subfield>
                          </marcx:datafield>
                          <marcx:datafield ind1="0" ind2="0" tag="526">
                            <marcx:subfield code="i">Også på internettet</marcx:subfield>
                            <marcx:subfield code="t">Sygeplejersken</marcx:subfield>
                          </marcx:datafield>
                          <marcx:datafield ind1="0" ind2="0" tag="526">
                            <marcx:subfield code="i">Har supplement</marcx:subfield>
                            <marcx:subfield code="t">Perspektiv (Kbh. : 1978)</marcx:subfield>
                          </marcx:datafield>
                          <marcx:datafield ind1="0" ind2="0" tag="539">
                            <marcx:subfield code="a">Nr. 14/15, 101. årgang (6. april 2001)</marcx:subfield>
                          </marcx:datafield>
                          <marcx:datafield ind1="0" ind2="0" tag="652">
                            <marcx:subfield code="m">61.7</marcx:subfield>
                          </marcx:datafield>
                          <marcx:datafield ind1="0" ind2="0" tag="710">
                            <marcx:subfield code="a">Dansk Sygeplejeråd</marcx:subfield>
                          </marcx:datafield>
                          <marcx:datafield ind1="0" ind2="0" tag="996">
                            <marcx:subfield code="a">810010</marcx:subfield>
                          </marcx:datafield>
                        </marcx:record>
                      </marcx:collection>
                      <os:identifier>870970-basis:03204324</os:identifier>
                      <os:creationDate>2005-03-01</os:creationDate>
                      <os:formatsAvailable>
                        <os:format>dkabm</os:format>
                        <os:format>marcxchange</os:format>
                      </os:formatsAvailable>
                    </os:object>
                  </os:relationObject>
                </os:relation>
                <os:relation>
                  <os:relationType>dbcbib:isPartOfManifestation</os:relationType>
                  <os:relationUri>870970-basis:24191885</os:relationUri>
                  <os:relationObject>
                    <os:object>
                      <dkabm:record>
                        <ac:identifier>24191885|870970</ac:identifier>
                        <dc:identifier xsi:type="dkdcplus:ISBN">87-11-16754-8</dc:identifier>
                        <ac:source>Bibliotekskatalog</ac:source>
                        <dc:source>Ice creme</dc:source>
                        <dc:title>Is</dc:title>
                        <dc:title xsi:type="dkdcplus:full">Is : flødeis, sorbeter, yoghurtis, isbomber og meget mere</dc:title>
                        <dc:creator xsi:type="dkdcplus:aut">Shona Crawford Poole</dc:creator>
                        <dc:creator xsi:type="oss:sort">Poole, Shona Crawford</dc:creator>
                        <dc:subject xsi:type="dkdcplus:DK5">64.17</dc:subject>
                        <dc:subject xsi:type="dkdcplus:DK5-Text">Særlige retter</dc:subject>
                        <dc:subject xsi:type="dkdcplus:DBCF">is</dc:subject>
                        <dc:subject xsi:type="dkdcplus:DBCF">isdesserter</dc:subject>
                        <dc:subject xsi:type="dkdcplus:DBCO">opskrifter</dc:subject>
                        <dc:description>På omslaget: 75 klassiske og moderne opskrifter velegnede til både ismaskiner og almindelige frysere</dc:description>
                        <dcterms:audience>voksenmaterialer</dcterms:audience>
                        <dc:publisher>Aschehoug</dc:publisher>
                        <dc:date>2002</dc:date>
                        <dc:type xsi:type="dkdcplus:BibDK-Type">Bog</dc:type>
                        <dc:format>illustreret i farver</dc:format>
                        <dcterms:extent>95 sider</dcterms:extent>
                        <dc:language xsi:type="dcterms:ISO639-2">dan</dc:language>
                        <dc:language>Dansk</dc:language>
                      </dkabm:record>