
                      <marcx:collection>
                        <marcx:record format="danMARC2" type="Bibliographic">
                          <marcx:leader>00000n    2200000   4500</marcx:leader>
                          <marcx:datafield ind1="0" ind2="0" tag="001">
                            <marcx:subfield code="a">24191885</marcx:subfield>
                            <marcx:subfield code="b">870970</marcx:subfield>
                            <marcx:subfield code="c">20111203111117</marcx:subfield>
                            <marcx:subfield code="d">20020731</marcx:subfield>
                            <marcx:subfield code="f">a</marcx:subfield>
                          </marcx:datafield>
                          <marcx:datafield ind1="0" ind2="0" tag="004">
                            <marcx:subfield code="r">n</marcx:subfield>
                            <marcx:subfield code="a">e</marcx:subfield>
                          </marcx:datafield>
                          <marcx:datafield ind1="0" ind2="0" tag="008">
                            <marcx:subfield code="t">m</marcx:subfield>
                            <marcx:subfield code="u">f</marcx:subfield>
                            <marcx:subfield code="a">2002</marcx:subfield>
                            <marcx:subfield code="b">dk</marcx:subfield>
                            <marcx:subfield code="l">dan</marcx:subfield>
                            <marcx:subfield code="x">06</marcx:subfield>
                            <marcx:subfield code="v">0</marcx:subfield>
                          </marcx:datafield>
                          <marcx:datafield ind1="0" ind2="0" tag="009">
                            <marcx:subfield code="a">a</marcx:subfield>
                            <marcx:subfield code="g">xx</marcx:subfield>
                          </marcx:datafield>
                          <marcx:datafield ind1="0" ind2="0" tag="021">
                            <marcx:subfield code="a">87-11-16754-8</marcx:subfield>
                            <marcx:subfield code="c">ib.</marcx:subfield>
                            <marcx:subfield code="d">kr. 199,00</marcx:subfield>
                          </marcx:datafield>
                          <marcx:datafield ind1="0" ind2="0" tag="032">
                            <marcx:subfield code="a">DBF200234</marcx:subfield>
                            <marcx:subfield code="x">SFD200234</marcx:subfield>
                            <marcx:subfield code="x">ACC200231</marcx:subfield>
                            <marcx:subfield code="x">DAT200233</marcx:subfield>
                            <marcx:subfield code="x">DAT991149</marcx:subfield>
                          </marcx:datafield>
                          <marcx:datafield ind1="0" ind2="0" tag="041">
                            <marcx:subfield code="a">dan</marcx:subfield>
                            <marcx:subfield code="c">eng</marcx:subfield>
                          </marcx:datafield>
                          <marcx:datafield ind1="0" ind2="0" tag="100">
                            <marcx:subfield code="5">870979</marcx:subfield>
                            <marcx:subfield code="6">68831288</marcx:subfield>
                            <marcx:subfield code="0"/>
                            <marcx:subfield code="a">Poole</marcx:subfield>
                            <marcx:subfield code="h">Shona Crawford</marcx:subfield>
                          </marcx:datafield>
                          <marcx:datafield ind1="0" ind2="0" tag="241">
                            <marcx:subfield code="a">Ice creme</marcx:subfield>
                          </marcx:datafield>
                          <marcx:datafield ind1="0" ind2="0" tag="245">
                            <marcx:subfield code="a">Is</marcx:subfield>
                            <marcx:subfield code="c">flødeis, sorbeter, yoghurtis, isbomber og meget mere</marcx:subfield>
                            <marcx:subfield code="e">Shona Crawford Poole</marcx:subfield>
                            <marcx:subfield code="f">fotograf: William Lingwood</marcx:subfield>
                            <marcx:subfield code="f">oversat af Vibeke Fode</marcx:subfield>
                          </marcx:datafield>
                          <marcx:datafield ind1="0" ind2="0" tag="260">
                            <marcx:subfield code="&amp;">1</marcx:subfield>
                            <marcx:subfield code="a">[Kbh.]</marcx:subfield>
                            <marcx:subfield code="b">Aschehoug</marcx:subfield>
                            <marcx:subfield code="c">2002</marcx:subfield>
                            <marcx:subfield code="k">tr. i udl.</marcx:subfield>
                          </marcx:datafield>
                          <marcx:datafield ind1="0" ind2="0" tag="300">
                            <marcx:subfield code="a">95 sider</marcx:subfield>
                            <marcx:subfield code="b">ill. i farver</marcx:subfield>
                          </marcx:datafield>
                          <marcx:datafield ind1="0" ind2="0" tag="512">
                            <marcx:subfield code="a">På omslaget: 75 klassiske og moderne opskrifter velegnede til både ismaskiner og almindelige frysere</marcx:subfield>
                          </marcx:datafield>
                          <marcx:datafield ind1="0" ind2="0" tag="652">
                            <marcx:subfield code="m">64.17</marcx:subfield>
                          </marcx:datafield>
                          <marcx:datafield ind1="0" ind2="0" tag="666">
                            <marcx:subfield code="0"/>
                            <marcx:subfield code="f">is</marcx:subfield>
                          </marcx:datafield>
                          <marcx:datafield ind1="0" ind2="0" tag="666">
                            <marcx:subfield code="0"/>
                            <marcx:subfield code="f">isdesserter</marcx:subfield>
                          </marcx:datafield>
                          <marcx:datafield ind1="0" ind2="0" tag="666">
                            <marcx:subfield code="0"/>
                            <marcx:subfield code="o">opskrifter</marcx:subfield>
                          </marcx:datafield>
                          <marcx:datafield ind1="0" ind2="0" tag="900">
                            <marcx:subfield code="0"/>
                            <marcx:subfield code="a">Crawford Poole</marcx:subfield>
                            <marcx:subfield code="h">Shon</marcx:subfield>
                            <marcx:subfield code="z">100</marcx:subfield>
                          </marcx:datafield>
                          <marcx:datafield ind1="0" ind2="0" tag="990">
                            <marcx:subfield code="a">SFD</marcx:subfield>
                            <marcx:subfield code="o">200234</marcx:subfield>
                            <marcx:subfield code="b">L</marcx:subfield>
                            <marcx:subfield code="c">A</marcx:subfield>
                          </marcx:datafield>
                          <marcx:datafield ind1="0" ind2="0" tag="996">
                            <marcx:subfield code="a">DBC</marcx:subfield>
                          </marcx:datafield>
                        </marcx:record>
                      </marcx:collection>
                      <os:identifier>870970-basis:24191885</os:identifier>
                      <os:creationDate>2005-03-01</os:creationDate>
                      <os:formatsAvailable>
                        <os:format>dkabm</os:format>
                        <os:format>marcxchange</os:format>
                      </os:formatsAvailable>
                    </os:object>
                  </os:relationObject>
                </os:relation>
                <os:relation>
                  <os:relationType>dbcbib:isPartOfManifestation</os:relationType>
                  <os:relationUri>870970-basis:24860655</os:relationUri>
                  <os:relationObject>
                    <os:object>
                      <dkabm:record>
                        <ac:identifier>24860655|870970</ac:identifier>
                        <dc:identifier xsi:type="dkdcplus:ISBN">87-7399-952-0</dc:identifier>
                        <ac:source>Bibliotekskatalog</ac:source>
                        <dc:title>ISS</dc:title>
                        <dc:title xsi:type="dkdcplus:full">ISS</dc:title>
                        <dc:title xsi:type="dkdcplus:series">Portræt af en arbejdsplads (Herning : 2003)</dc:title>
                        <dc:subject xsi:type="dkdcplus:DK5">64.8</dc:subject>
                        <dc:subject xsi:type="dkdcplus:DBCF">ISS Danmark</dc:subject>
                        <dc:subject xsi:type="dkdcplus:DK5-Text">Vask og rengøring</dc:subject>
                        <dc:subject xsi:type="dkdcplus:DBCF">arbejdspladser</dc:subject>
                        <dc:subject xsi:type="dkdcplus:DBCF">rengøringsarbejde</dc:subject>
                        <dc:description>Indhold: ISS gennem 100 år ; ISS Danmark ; ISS Internationalt ; Arbejdsområder i Danmark ; Eksempler på jobfunktioner ; Personalepolitik ; Fakta om ansættelsesbevis ; Personalegoder ; Hvordan får jeg arbejde i ISS? ; Jobannoncer ; Medarbejderportrætter</dc:description>
                        <dcterms:audience xsi:type="dkdcplus:age">Fra 13 år</dcterms:audience>
                        <dcterms:audience>voksenmaterialer</dcterms:audience>
                        <dkdcplus:version>1. udgave, 1. oplag</dkdcplus:version>
                        <dc:publisher>Special-pædagogisk forlag</dc:publisher>
                        <dc:contributor>Hanne Vedel</dc:contributor>
                        <dc:contributor>Lene Grumsen</dc:contributor>
                        <dc:date>2003</dc:date>
                        <dc:type xsi:type="dkdcplus:BibDK-Type">Bog</dc:type>
                        <dc:format>illustreret i farver</dc:format>
                        <dcterms:extent>52 sider</dcterms:extent>
                        <dc:language xsi:type="dcterms:ISO639-2">dan</dc:language>
                        <dc:language>Dansk</dc:language>
                      </dkabm:record>