
                      <marcx:collection>
                        <marcx:record format="danMARC2" type="Bibliographic">
                          <marcx:leader>00000n    2200000   4500</marcx:leader>
                          <marcx:datafield ind1="0" ind2="0" tag="001">
                            <marcx:subfield code="a">24860655</marcx:subfield>
                            <marcx:subfield code="b">870970</marcx:subfield>
                            <marcx:subfield code="c">20111202190511</marcx:subfield>
                            <marcx:subfield code="d">20030922</marcx:subfield>
                            <marcx:subfield code="f">a</marcx:subfield>
                          </marcx:datafield>
                          <marcx:datafield ind1="0" ind2="0" tag="004">
                            <marcx:subfield code="r">n</marcx:subfield>
                            <marcx:subfield code="a">e</marcx:subfield>
                          </marcx:datafield>
                          <marcx:datafield ind1="0" ind2="0" tag="008">
                            <marcx:subfield code="t">m</marcx:subfield>
                            <marcx:subfield code="u">f</marcx:subfield>
                            <marcx:subfield code="a">2003</marcx:subfield>
                            <marcx:subfield code="b">dk</marcx:subfield>
                            <marcx:subfield code="l">dan</marcx:subfield>
                            <marcx:subfield code="x">02</marcx:subfield>
                            <marcx:subfield code="v">0</marcx:subfield>
                          </marcx:datafield>
                          <marcx:datafield ind1="0" ind2="0" tag="009">
                            <marcx:subfield code="a">a</marcx:subfield>
                            <marcx:subfield code="g">xx</marcx:subfield>
                          </marcx:datafield>
                          <marcx:datafield ind1="0" ind2="0" tag="021">
                            <marcx:subfield code="a">87-7399-952-0</marcx:subfield>
                            <marcx:subfield code="c">hf.</marcx:subfield>
                            <marcx:subfield code="d">kr. 98,75</marcx:subfield>
                          </marcx:datafield>
                          <marcx:datafield ind1="0" ind2="0" tag="032">
                            <marcx:subfield code="a">DBF200343</marcx:subfield>
                            <marcx:subfield code="x">SKE202003</marcx:subfield>
                            <marcx:subfield code="x">SFD200343</marcx:subfield>
                            <marcx:subfield code="x">ACC200339</marcx:subfield>
                            <marcx:subfield code="x">DAT991149</marcx:subfield>
                          </marcx:datafield>
                          <marcx:datafield ind1="0" ind2="0" tag="044">
                            <marcx:subfield code="a">F</marcx:subfield>
                            <marcx:subfield code="b">09b</marcx:subfield>
                          </marcx:datafield>
                          <marcx:datafield ind1="0" ind2="0" tag="245">
                            <marcx:subfield code="a">ISS</marcx:subfield>
                            <marcx:subfield code="e">Hanne Vedel og Lene Grumsen</marcx:subfield>
                          </marcx:datafield>
                          <marcx:datafield ind1="0" ind2="0" tag="250">
                            <marcx:subfield code="a">1. udgave</marcx:subfield>
                            <marcx:subfield code="b">÷</marcx:subfield>
                            <marcx:subfield code="x">1. oplag</marcx:subfield>
                          </marcx:datafield>
                          <marcx:datafield ind1="0" ind2="0" tag="260">
                            <marcx:subfield code="a">Herning</marcx:subfield>
                            <marcx:subfield code="b">Special-pædagogisk forlag</marcx:subfield>
                            <marcx:subfield code="c">2003</marcx:subfield>
                            <marcx:subfield code="k">Tarm Bogtryk</marcx:subfield>
                          </marcx:datafield>
                          <marcx:datafield ind1="0" ind2="0" tag="300">
                            <marcx:subfield code="a">52 sider</marcx:subfield>
                            <marcx:subfield code="b">ill. i farver</marcx:subfield>
                          </marcx:datafield>
                          <marcx:datafield ind1="0" ind2="0" tag="440">
                            <marcx:subfield code="0"/>
                            <marcx:subfield code="a">Portræt af en arbejdsplads</marcx:subfield>
                            <marcx:subfield code="ø">Herning : 2003</marcx:subfield>
                          </marcx:datafield>
                          <marcx:datafield ind1="0" ind2="0" tag="517">
                            <marcx:subfield code="&amp;">1</marcx:subfield>
                            <marcx:subfield code="a">For kursister på spor 2 og spor 3 på Sprogcentrene samt for jobsøgningskurser</marcx:subfield>
                          </marcx:datafield>
                          <marcx:datafield ind1="0" ind2="0" tag="517">
                            <marcx:subfield code="&amp;">1</marcx:subfield>
                            <marcx:subfield code="a">Fra 13 år</marcx:subfield>
                          </marcx:datafield>
                          <marcx:datafield ind1="0" ind2="0" tag="530">
                            <marcx:subfield code="&amp;">1</marcx:subfield>
                            <marcx:subfield code="a">Indhold: ISS gennem 100 år ; ISS Danmark ; ISS Internationalt ; Arbejdsområder i Danmark ; Eksempler på jobfunktioner ; Personalepolitik ; Fakta om ansættelsesbevis ; Personalegoder ; Hvordan får jeg arbejde i ISS? ; Jobannoncer ; Medarbejderportrætter</marcx:subfield>
                          </marcx:datafield>
                          <marcx:datafield ind1="0" ind2="0" tag="610">
                            <marcx:subfield code="1"/>
                            <marcx:subfield code="a">ISS Danmark</marcx:subfield>
                          </marcx:datafield>
                          <marcx:datafield ind1="0" ind2="0" tag="652">
                            <marcx:subfield code="m">64.8</marcx:subfield>
                          </marcx:datafield>
                          <marcx:datafield ind1="0" ind2="0" tag="666">
                            <marcx:subfield code="0"/>
                            <marcx:subfield code="f">rengøringsarbejde</marcx:subfield>
                          </marcx:datafield>
                          <marcx:datafield ind1="0" ind2="0" tag="666">
                            <marcx:subfield code="0"/>
                            <marcx:subfield code="f">arbejdspladser</marcx:subfield>
                          </marcx:datafield>
                          <marcx:datafield ind1="0" ind2="0" tag="700">
                            <marcx:subfield code="5">870979</marcx:subfield>
                            <marcx:subfield code="6">69052630</marcx:subfield>
                            <marcx:subfield code="0"/>
                            <marcx:subfield code="a">Vedel</marcx:subfield>
                            <marcx:subfield code="h">Hanne</marcx:subfield>
                          </marcx:datafield>
                          <marcx:datafield ind1="0" ind2="0" tag="700">
                            <marcx:subfield code="5">870979</marcx:subfield>
                            <marcx:subfield code="6">68372658</marcx:subfield>
                            <marcx:subfield code="0"/>
                            <marcx:subfield code="a">Grumsen</marcx:subfield>
                            <marcx:subfield code="h">Lene</marcx:subfield>
                          </marcx:datafield>
                          <marcx:datafield ind1="0" ind2="0" tag="945">
                            <marcx:subfield code="a">Portræt af en arbejdsplads</marcx:subfield>
                            <marcx:subfield code="ø">Speciel-pædagogisk forlag</marcx:subfield>
                            <marcx:subfield code="z">440</marcx:subfield>
                          </marcx:datafield>
                          <marcx:datafield ind1="0" ind2="0" tag="990">
                            <marcx:subfield code="a">SFD</marcx:subfield>
                            <marcx:subfield code="o">200343</marcx:subfield>
                            <marcx:subfield code="b">S</marcx:subfield>
                            <marcx:subfield code="c">A</marcx:subfield>
                          </marcx:datafield>
                          <marcx:datafield ind1="0" ind2="0" tag="996">
                            <marcx:subfield code="a">DBC</marcx:subfield>
                          </marcx:datafield>
                        </marcx:record>
                      </marcx:collection>
                      <os:identifier>870970-basis:24860655</os:identifier>
                      <os:creationDate>2005-03-02</os:creationDate>
                      <os:formatsAvailable>
                        <os:format>dkabm</os:format>
                        <os:format>marcxchange</os:format>
                      </os:formatsAvailable>
                    </os:object>
                  </os:relationObject>
                </os:relation>
                <os:relation>
                  <os:relationType>dbcbib:isPartOfManifestation</os:relationType>
                  <os:relationUri>870970-basis:41003685</os:relationUri>
                  <os:relationObject>
                    <os:object>
                      <dkabm:record>
                        <ac:identifier>41003685|870970</ac:identifier>
                        <ac:source>Bibliotekskatalog</ac:source>
                        <dc:title>Par</dc:title>
                        <dc:title xsi:type="dkdcplus:full">Par</dc:title>
                        <dc:creator>Jørgen Teik Hansen</dc:creator>
                        <dc:creator xsi:type="oss:sort">Teik Hansen, Jørgen</dc:creator>
                        <dc:subject xsi:type="dkdcplus:DK5">72</dc:subject>
                        <dc:subject xsi:type="dkdcplus:DK5-Text">Gengivelser af enkelte kunstneres værker</dc:subject>
                        <dc:subject>dansk</dc:subject>
                        <dcterms:audience>voksenmaterialer</dcterms:audience>
                        <dc:publisher>J. Chr. Sørensen</dc:publisher>
                        <dc:date>1987</dc:date>
                        <dc:type xsi:type="dkdcplus:BibDK-Type">Grafisk blad</dc:type>
                        <dc:format>1 litografi, farve</dc:format>
                      </dkabm:record>