
                      <marcx:collection>
                        <marcx:record format="danMARC2" type="Bibliographic">
                          <marcx:leader>00000n    2200000   4500</marcx:leader>
                          <marcx:datafield ind1="0" ind2="0" tag="001">
                            <marcx:subfield code="a">41003685</marcx:subfield>
                            <marcx:subfield code="b">870970</marcx:subfield>
                            <marcx:subfield code="c">19950927</marcx:subfield>
                            <marcx:subfield code="d">19950927</marcx:subfield>
                            <marcx:subfield code="f">a</marcx:subfield>
                            <marcx:subfield code="o">c</marcx:subfield>
                          </marcx:datafield>
                          <marcx:datafield ind1="0" ind2="0" tag="002">
                            <marcx:subfield code="b">715900</marcx:subfield>
                            <marcx:subfield code="c">90205617</marcx:subfield>
                            <marcx:subfield code="x">71590090205617</marcx:subfield>
                          </marcx:datafield>
                          <marcx:datafield ind1="0" ind2="0" tag="004">
                            <marcx:subfield code="r">n</marcx:subfield>
                            <marcx:subfield code="a">e</marcx:subfield>
                          </marcx:datafield>
                          <marcx:datafield ind1="0" ind2="0" tag="008">
                            <marcx:subfield code="t">m</marcx:subfield>
                            <marcx:subfield code="u">f</marcx:subfield>
                            <marcx:subfield code="a">1987</marcx:subfield>
                            <marcx:subfield code="b">dk</marcx:subfield>
                            <marcx:subfield code="v">1</marcx:subfield>
                          </marcx:datafield>
                          <marcx:datafield ind1="0" ind2="0" tag="009">
                            <marcx:subfield code="a">g</marcx:subfield>
                            <marcx:subfield code="g">gg</marcx:subfield>
                          </marcx:datafield>
                          <marcx:datafield ind1="0" ind2="0" tag="021">
                            <marcx:subfield code="d">kr. 525,00</marcx:subfield>
                          </marcx:datafield>
                          <marcx:datafield ind1="0" ind2="0" tag="100">
                            <marcx:subfield code="a">Teik Hansen</marcx:subfield>
                            <marcx:subfield code="h">Jørgen</marcx:subfield>
                          </marcx:datafield>
                          <marcx:datafield ind1="0" ind2="0" tag="245">
                            <marcx:subfield code="a">Par</marcx:subfield>
                            <marcx:subfield code="e">Jørgen Teik Hansen</marcx:subfield>
                          </marcx:datafield>
                          <marcx:datafield ind1="0" ind2="0" tag="260">
                            <marcx:subfield code="a">Århus</marcx:subfield>
                            <marcx:subfield code="b">J. Chr. Sørensen</marcx:subfield>
                            <marcx:subfield code="c">1987</marcx:subfield>
                          </marcx:datafield>
                          <marcx:datafield ind1="0" ind2="0" tag="300">
                            <marcx:subfield code="n">1 litografi</marcx:subfield>
                            <marcx:subfield code="b">farve</marcx:subfield>
                            <marcx:subfield code="c">65 x 45 cm</marcx:subfield>
                          </marcx:datafield>
                          <marcx:datafield ind1="0" ind2="0" tag="631">
                            <marcx:subfield code="f">dansk</marcx:subfield>
                          </marcx:datafield>
                          <marcx:datafield ind1="0" ind2="0" tag="652">
                            <marcx:subfield code="m">72</marcx:subfield>
                          </marcx:datafield>
                          <marcx:datafield ind1="0" ind2="0" tag="900">
                            <marcx:subfield code="a">Hansen</marcx:subfield>
                            <marcx:subfield code="h">Jørgen Teik</marcx:subfield>
                            <marcx:subfield code="z">100</marcx:subfield>
                          </marcx:datafield>
                          <marcx:datafield ind1="0" ind2="0" tag="996">
                            <marcx:subfield code="a">715900</marcx:subfield>
                          </marcx:datafield>
                        </marcx:record>
                      </marcx:collection>
                      <os:identifier>870970-basis:41003685</os:identifier>
                      <os:creationDate>2005-03-01</os:creationDate>
                      <os:formatsAvailable>
                        <os:format>dkabm</os:format>
                        <os:format>marcxchange</os:format>
                      </os:formatsAvailable>
                    </os:object>
                  </os:relationObject>
                </os:relation>
                <os:relation>
                  <os:relationType>dbcbib:isPartOfManifestation</os:relationType>
                  <os:relationUri>810010-katalog:006072416__3</os:relationUri>
                  <os:relationObject>
                    <os:object>
                      <dkabm:record>
                        <ac:identifier>006072416__3|810010</ac:identifier>
                        <dc:identifier xsi:type="dkdcplus:ISBN">380550960x</dc:identifier>
                        <ac:source>Bibliotekskatalog</ac:source>
                        <dc:title>PAR</dc:title>
                        <dc:title xsi:type="dkdcplus:full">PAR : miscellaneous topics : pseudo-allergic reactions : involvement of drugs and chemicals</dc:title>
                        <dcterms:audience>voksenmaterialer</dcterms:audience>
                        <dc:publisher>Karger</dc:publisher>
                        <dc:contributor>Peter Dukor</dc:contributor>
                        <dc:date>1980</dc:date>
                        <dc:type xsi:type="dkdcplus:BibDK-Type">Bog</dc:type>
                        <dc:format>illustreret</dc:format>
                        <dcterms:extent>160 s.</dcterms:extent>
                        <dcterms:extent>4 bd.</dcterms:extent>
                        <dc:language xsi:type="dcterms:ISO639-2">mul</dc:language>
                        <dc:language>Flere sprog</dc:language>
                      </dkabm:record>