
                      <marcx:collection>
                        <marcx:record format="danMARC2" type="Bibliographic">
                          <marcx:leader>00000n    2200000   4500</marcx:leader>
                          <marcx:datafield ind1="0" ind2="0" tag="001">
                            <marcx:subfield code="a">006072416__3</marcx:subfield>
                            <marcx:subfield code="b">810010</marcx:subfield>
                            <marcx:subfield code="f">a</marcx:subfield>
                          </marcx:datafield>
                          <marcx:datafield ind1="0" ind2="0" tag="002">
                            <marcx:subfield code="d">x551137192</marcx:subfield>
                          </marcx:datafield>
                          <marcx:datafield ind1="0" ind2="0" tag="004">
                            <marcx:subfield code="r">c</marcx:subfield>
                            <marcx:subfield code="a">e</marcx:subfield>
                          </marcx:datafield>
                          <marcx:datafield ind1="0" ind2="0" tag="008">
                            <marcx:subfield code="t">m</marcx:subfield>
                            <marcx:subfield code="a">1980</marcx:subfield>
                            <marcx:subfield code="b">xx</marcx:subfield>
                            <marcx:subfield code="l">mul</marcx:subfield>
                            <marcx:subfield code="v">3</marcx:subfield>
                          </marcx:datafield>
                          <marcx:datafield ind1="0" ind2="0" tag="009">
                            <marcx:subfield code="a">a</marcx:subfield>
                            <marcx:subfield code="g">xx</marcx:subfield>
                          </marcx:datafield>
                          <marcx:datafield ind1="0" ind2="0" tag="018">
                            <marcx:subfield code="a">006072416</marcx:subfield>
                          </marcx:datafield>
                          <marcx:datafield ind1="0" ind2="0" tag="021">
                            <marcx:subfield code="a">380550960x</marcx:subfield>
                          </marcx:datafield>
                          <marcx:datafield ind1="0" ind2="0" tag="088">
                            <marcx:subfield code="a">Med 26:</marcx:subfield>
                            <marcx:subfield code="b">56</marcx:subfield>
                          </marcx:datafield>
                          <marcx:datafield ind1="0" ind2="0" tag="096">
                            <marcx:subfield code="a">882-1557</marcx:subfield>
                            <marcx:subfield code="z">810010</marcx:subfield>
                          </marcx:datafield>
                          <marcx:datafield ind1="0" ind2="0" tag="245">
                            <marcx:subfield code="a">PAR</marcx:subfield>
                            <marcx:subfield code="c">miscellaneous topics</marcx:subfield>
                            <marcx:subfield code="c">pseudo-allergic reactions</marcx:subfield>
                            <marcx:subfield code="c">involvement of drugs and chemicals</marcx:subfield>
                            <marcx:subfield code="e">eds. P. Dukor ... [et al.]</marcx:subfield>
                          </marcx:datafield>
                          <marcx:datafield ind1="0" ind2="0" tag="248">
                            <marcx:subfield code="g">Vol. 3</marcx:subfield>
                            <marcx:subfield code="a">Cell mediated reactions</marcx:subfield>
                            <marcx:subfield code="c">miscellaneous topics</marcx:subfield>
                            <marcx:subfield code="z">380550960x</marcx:subfield>
                            <marcx:subfield code="j">1982</marcx:subfield>
                            <marcx:subfield code="k">160 s.</marcx:subfield>
                          </marcx:datafield>
                          <marcx:datafield ind1="0" ind2="0" tag="260">
                            <marcx:subfield code="c">1982</marcx:subfield>
                          </marcx:datafield>
                          <marcx:datafield ind1="0" ind2="0" tag="260">
                            <marcx:subfield code="a">Basel</marcx:subfield>
                            <marcx:subfield code="b">Karger</marcx:subfield>
                            <marcx:subfield code="c">1980-85</marcx:subfield>
                          </marcx:datafield>
                          <marcx:datafield ind1="0" ind2="0" tag="300">
                            <marcx:subfield code="a">160 s.</marcx:subfield>
                          </marcx:datafield>
                          <marcx:datafield ind1="0" ind2="0" tag="300">
                            <marcx:subfield code="a">4 bd.</marcx:subfield>
                            <marcx:subfield code="b">ill.</marcx:subfield>
                          </marcx:datafield>
                          <marcx:datafield ind1="0" ind2="0" tag="700">
                            <marcx:subfield code="a">Dukor</marcx:subfield>
                            <marcx:subfield code="h">Peter</marcx:subfield>
                          </marcx:datafield>
                        </marcx:record>