
                        <marcx:record format="danMARC2" type="BibliographicVolume">
                          <marcx:leader>00000n    2200000   4500</marcx:leader>
                          <marcx:datafield ind1="0" ind2="0" tag="001">
                            <marcx:subfield code="a">006072416__3</marcx:subfield>
                            <marcx:subfield code="b">810010</marcx:subfield>
                            <marcx:subfield code="f">a</marcx:subfield>
                          </marcx:datafield>
                          <marcx:datafield ind1="0" ind2="0" tag="004">
                            <marcx:subfield code="r">n</marcx:subfield>
                            <marcx:subfield code="a">b</marcx:subfield>
                          </marcx:datafield>
                          <marcx:datafield ind1="0" ind2="0" tag="245">
                            <marcx:subfield code="g">Vol. 3</marcx:subfield>
                            <marcx:subfield code="a">Cell mediated reactions</marcx:subfield>
                          </marcx:datafield>
                          <marcx:datafield ind1="0" ind2="0" tag="021">
                            <marcx:subfield code="a">380550960x</marcx:subfield>
                          </marcx:datafield>
                          <marcx:datafield ind1="0" ind2="0" tag="260">
                            <marcx:subfield code="c">1982</marcx:subfield>
                          </marcx:datafield>
                          <marcx:datafield ind1="0" ind2="0" tag="300">
                            <marcx:subfield code="a">160 s.</marcx:subfield>
                          </marcx:datafield>
                        </marcx:record>
                      </marcx:collection>
                      <os:identifier>810010-katalog:006072416__3</os:identifier>
                      <os:creationDate>2012-04-20</os:creationDate>
                      <os:formatsAvailable>
                        <os:format>dkabm</os:format>
                        <os:format>marcxchange</os:format>
                      </os:formatsAvailable>
                    </os:object>
                  </os:relationObject>
                </os:relation>
                <os:relation>
                  <os:relationType>dbcbib:isPartOfManifestation</os:relationType>
                  <os:relationUri>820040-katalog:9788702092462</os:relationUri>
                  <os:relationObject>
                    <os:object>
                      <dkabm:record>
                        <ac:identifier>9788702092462|820040</ac:identifier>
                        <dc:identifier xsi:type="dkdcplus:ISBN">9788702092462</dc:identifier>
                        <ac:source>Bibliotekskatalog</ac:source>
                        <dc:title>ISS</dc:title>
                        <dc:title xsi:type="dkdcplus:full">ISS : succes med skandinavisk ledelse</dc:title>
                        <dc:title xsi:type="dkdcplus:series">Den danske ledelseskanon</dc:title>
                        <dc:subject>ISS</dc:subject>
                        <dcterms:audience>voksenmaterialer</dcterms:audience>
                        <dc:publisher>Gyldendal Business</dc:publisher>
                        <dc:contributor xsi:type="dkdcplus:aut">Mikael Lindholm</dc:contributor>
                        <dc:contributor xsi:type="dkdcplus:aut">Frank Stokholm</dc:contributor>
                        <dc:date>2011</dc:date>
                        <dc:type xsi:type="dkdcplus:BibDK-Type">Bog</dc:type>
                        <dcterms:extent>137 s.</dcterms:extent>
                        <dc:language xsi:type="dcterms:ISO639-2">dan</dc:language>
                        <dc:language>Dansk</dc:language>
                      </dkabm:record>