
                      <marcx:collection>
                        <marcx:record format="danMARC2" type="Bibliographic">
                          <marcx:leader>00000n    2200000   4500</marcx:leader>
                          <marcx:datafield ind1="0" ind2="0" tag="001">
                            <marcx:subfield code="a">1169624</marcx:subfield>
                            <marcx:subfield code="b">820030</marcx:subfield>
                            <marcx:subfield code="f">a</marcx:subfield>
                          </marcx:datafield>
                          <marcx:datafield ind1="0" ind2="0" tag="004">
                            <marcx:subfield code="r">n</marcx:subfield>
                            <marcx:subfield code="a">e</marcx:subfield>
                          </marcx:datafield>
                          <marcx:datafield ind1="0" ind2="0" tag="008">
                            <marcx:subfield code="t">p</marcx:subfield>
                            <marcx:subfield code="v">4</marcx:subfield>
                          </marcx:datafield>
                          <marcx:datafield ind1="0" ind2="0" tag="009">
                            <marcx:subfield code="a">a</marcx:subfield>
                            <marcx:subfield code="g">xx</marcx:subfield>
                          </marcx:datafield>
                          <marcx:datafield ind1="0" ind2="0" tag="011">
                            <marcx:subfield code="a">00059058</marcx:subfield>
                          </marcx:datafield>
                          <marcx:datafield ind1="0" ind2="0" tag="088">
                            <marcx:subfield code="t">Vqw</marcx:subfield>
                          </marcx:datafield>
                          <marcx:datafield ind1="0" ind2="0" tag="096">
                            <marcx:subfield code="z">820030</marcx:subfield>
                          </marcx:datafield>
                          <marcx:datafield ind1="0" ind2="0" tag="245">
                            <marcx:subfield code="a">PAR</marcx:subfield>
                            <marcx:subfield code="c">Pseudo-allergic reactions</marcx:subfield>
                          </marcx:datafield>
                          <marcx:datafield ind1="0" ind2="0" tag="260">
                            <marcx:subfield code="a">Basel</marcx:subfield>
                          </marcx:datafield>
                          <marcx:datafield ind1="0" ind2="0" tag="574">
                            <marcx:subfield code="a">870202 1717</marcx:subfield>
                            <marcx:subfield code="b">930605 1717</marcx:subfield>
                            <marcx:subfield code="c">1</marcx:subfield>
                            <marcx:subfield code="d">1</marcx:subfield>
                            <marcx:subfield code="e">61863</marcx:subfield>
                          </marcx:datafield>
                          <marcx:datafield ind1="0" ind2="0" tag="980">
                            <marcx:subfield code="y">820030</marcx:subfield>
                            <marcx:subfield code="s">x</marcx:subfield>
                          </marcx:datafield>
                        </marcx:record>
                      </marcx:collection>
                      <os:identifier>820030-katalog:1169624</os:identifier>
                      <os:creationDate>2011-12-19</os:creationDate>
                      <os:formatsAvailable>
                        <os:format>dkabm</os:format>
                        <os:format>marcxchange</os:format>
                      </os:formatsAvailable>
                    </os:object>
         </os:relationObject>
                </os:relation>
</os:relations>
          </os:object>
        </os:collection>
      </ns1:originalData>
      <ns1:outputFormat>PLACEHOLDER</ns1:outputFormat>
      <ns1:trackingId>artikel_sygeplejersken.xml.PLACEHOLDER</ns1:trackingId>
    </ns1:formatRequest>
  </SOAP-ENV:Body>
</SOAP-ENV:Envelope>
